<?xml version="1.0" encoding="UTF-8"?><record xmlns="http://www.loc.gov/MARC21/slim" xmlns:cinclude="http://apache.org/cocoon/include/1.0" xmlns:zs="http://www.loc.gov/zing/srw/">
  <leader>00850nz  a2200193n  4500</leader>
  <controlfield tag="001">ns2014002162</controlfield>
  <controlfield tag="003">DLC</controlfield>
  <controlfield tag="005">20140513060505.0</controlfield>
  <controlfield tag="008">140512n| azannaabn          |a aaa     c</controlfield>
  <datafield tag="010" ind1=" " ind2=" ">
    <subfield code="a">ns2014002162</subfield>
  </datafield>
  <datafield tag="035" ind1=" " ind2=" ">
    <subfield code="a">(CaEvSKY)skya10474224</subfield>
  </datafield>
  <datafield tag="040" ind1=" " ind2=" ">
    <subfield code="a">MX-MxCID</subfield>
    <subfield code="b">eng</subfield>
    <subfield code="e">rda</subfield>
    <subfield code="c">MX-MxCID</subfield>
  </datafield>
  <datafield tag="100" ind1="1" ind2=" ">
    <subfield code="a">Martínez Hernández, Andrea Daniela</subfield>
  </datafield>
  <datafield tag="372" ind1=" " ind2=" ">
    <subfield code="a">Political science</subfield>
    <subfield code="a">International relations</subfield>
    <subfield code="2">lcsh</subfield>
  </datafield>
  <datafield tag="373" ind1=" " ind2=" ">
    <subfield code="a">Centro de Investigación y Docencia Económicas</subfield>
    <subfield code="2">naf</subfield>
  </datafield>
  <datafield tag="375" ind1=" " ind2=" ">
    <subfield code="a">female</subfield>
  </datafield>
  <datafield tag="377" ind1=" " ind2=" ">
    <subfield code="a">spa</subfield>
  </datafield>
  <datafield tag="400" ind1="1" ind2=" ">
    <subfield code="a">Hernández, Andrea Daniela Martínez</subfield>
  </datafield>
  <datafield tag="670" ind1=" " ind2=" ">
    <subfield code="a">Después del autoritarismo: violaciones de derechos humanos en democracia, una paradoja para Amércia latina, 2013:</subfield>
    <subfield code="b">title page (Andrea Daniela Martínez Hernández; Centro de Investigación y Docencia Económicas, Licenciada en Ciencia Política y Relaciones Internacionales)</subfield>
  </datafield>
</record>